@article{knuth84,
  author = {Knuth, Donald E.},
  title = {Literate Programming},
  year = {1984},
  issue_date = {May 1984},
  publisher = {Oxford University Press, Inc.},
  address = {USA},
  volume = {27},
  number = {2},
  issn = {0010-4620},
  url = {https://doi.org/10.1093/comjnl/27.2.97},
  doi = {10.1093/comjnl/27.2.97},
  journal = {Comput. J.},
  month = may,
  pages = {97â€“111},
  numpages = {15}
}

@article{alkire2011counting,
  title={Counting and multidimensional poverty measurement},
  author={Alkire, Sabina and Foster, James},
  journal={Journal of public economics},
  volume={95},
  number={7-8},
  pages={476--487},
  year={2011},
  publisher={Elsevier}
}
